@article{DBLP:journals/corr/abs-1809-05700,
  author    = {Mayank Mittal and
               Abhinav Valada and
               Wolfram Burgard},
  title     = {Vision-based Autonomous Landing in Catastrophe-Struck Environments},
  journal   = {CoRR},
  volume    = {abs/1809.05700},
  year      = {2018},
  url       = {http://arxiv.org/abs/1809.05700},
  archivePrefix = {arXiv},
  eprint    = {1809.05700},
  timestamp = {Fri, 05 Oct 2018 11:34:52 +0200},
  biburl    = {https://dblp.org/rec/bib/journals/corr/abs-1809-05700},
  bibsource = {dblp computer science bibliography, https://dblp.org}
}

@article{DBLP:journals/corr/abs-1810-01035,
  author    = {Jesus Tordesillas and
               Brett Thomas Lopez and
               John Carter and
               John Ware and
               Jonathan P. How},
  title     = {Real-Time Planning with Multi-Fidelity Models for Agile Flights in
               Unknown Environments},
  journal   = {CoRR},
  volume    = {abs/1810.01035},
  year      = {2018},
  url       = {http://arxiv.org/abs/1810.01035},
  archivePrefix = {arXiv},
  eprint    = {1810.01035},
  timestamp = {Tue, 30 Oct 2018 10:49:09 +0100},
  biburl    = {https://dblp.org/rec/bib/journals/corr/abs-1810-01035},
  bibsource = {dblp computer science bibliography, https://dblp.org}
}

@article{DBLP:journals/corr/abs-1811-08027,
  author    = {Guanya Shi and
               Xichen Shi and
               Michael O'Connell and
               Rose Yu and
               Kamyar Azizzadenesheli and
               Animashree Anandkumar and
               Yisong Yue and
               Soon{-}Jo Chung},
  title     = {Neural Lander: Stable Drone Landing Control using Learned Dynamics},
  journal   = {CoRR},
  volume    = {abs/1811.08027},
  year      = {2018},
  url       = {http://arxiv.org/abs/1811.08027},
  archivePrefix = {arXiv},
  eprint    = {1811.08027},
  timestamp = {Mon, 26 Nov 2018 12:52:45 +0100},
  biburl    = {https://dblp.org/rec/bib/journals/corr/abs-1811-08027},
  bibsource = {dblp computer science bibliography, https://dblp.org}
}
