@article{DBLP:journals/corr/abs-1809-05700,
  author    = {Mayank Mittal and
               Abhinav Valada and
               Wolfram Burgard},
  title     = {Vision-based Autonomous Landing in Catastrophe-Struck Environments},
  journal   = {CoRR},
  volume    = {abs/1809.05700},
  year      = {2018},
  url       = {http://arxiv.org/abs/1809.05700},
  archivePrefix = {arXiv},
  eprint    = {1809.05700},
  timestamp = {Fri, 05 Oct 2018 11:34:52 +0200},
  biburl    = {https://dblp.org/rec/bib/journals/corr/abs-1809-05700},
  bibsource = {dblp computer science bibliography, https://dblp.org}
}
